<record><leader>00000cas a22000007a 4500</leader><controlfield tag="001">11161315</controlfield><controlfield tag="008">840917d18761880iauuu ne      0    0eng d</controlfield><datafield ind1=" " ind2=" " tag="010"><subfield code="a">sn 84038069 </subfield></datafield><datafield ind1=" " ind2=" " tag="040"><subfield code="a">NPX</subfield><subfield code="b">eng</subfield><subfield code="c">NPX</subfield><subfield code="d">OCLCQ</subfield></datafield><datafield ind1=" " ind2=" " tag="042"><subfield code="a">msc</subfield></datafield><datafield ind1="0" ind2=" " tag="130"><subfield code="a">Council Bluffs bugle (Council Bluffs, Iowa : 1876)</subfield></datafield><datafield ind1="1" ind2="0" tag="245"><subfield code="a">Council Bluffs bugle.</subfield></datafield><datafield ind1="1" ind2="3" tag="246"><subfield code="a">Bugle</subfield></datafield><datafield ind1="1" ind2="3" tag="246"><subfield code="a">Workingmen's Sunday bugle</subfield></datafield><datafield ind1=" " ind2=" " tag="260"><subfield code="a">Council Bluffs, Iowa :</subfield><subfield code="b">Hubbard &amp; Foster</subfield></datafield><datafield ind1=" " ind2=" " tag="300"><subfield code="a">v.</subfield></datafield><datafield ind1="1" ind2=" " tag="362"><subfield code="a">Began in 1876? Ceased in 1880?</subfield><subfield code="z">Cf. Bibl. of Iowa newspapers.</subfield></datafield><datafield ind1=" " ind2=" " tag="500"><subfield code="a">Bibliography of Iowa newspapers gives title as: Bugle.</subfield></datafield><datafield ind1=" " ind2=" " tag="500"><subfield code="a">Sometimes published as: Workingmen's Sunday bugle. Cf. bibliography of Iowa newspapers.</subfield></datafield><datafield ind1=" " ind2=" " tag="500"><subfield code="a">Editors: L.W. Babbitt, R.C. Hubbard, &lt;1876&gt;.</subfield></datafield><datafield ind1=" " ind2=" " tag="588"><subfield code="a">Description based on: Vol. 20, no. 22 (Jan. 14, 1876).</subfield></datafield><datafield ind1=" " ind2=" " tag="752"><subfield code="a">United States</subfield><subfield code="b">Iowa</subfield><subfield code="c">Pottawattamie</subfield><subfield code="d">Council Bluffs.</subfield></datafield><datafield ind1="1" ind2=" " tag="029"><subfield code="a">AU@</subfield><subfield code="b">000025818197</subfield></datafield></record>